<record><leader>00000cas a2200000 a 4500</leader><controlfield tag="001">50399551</controlfield><controlfield tag="008">020813c20029999ncudr n       0   a0eng c</controlfield><datafield ind1=" " ind2=" " tag="010"><subfield code="a">  2002212668</subfield></datafield><datafield ind1=" " ind2=" " tag="040"><subfield code="a">NSD</subfield><subfield code="b">eng</subfield><subfield code="c">NSD</subfield><subfield code="d">CUS</subfield><subfield code="d">CUI</subfield><subfield code="d">OCLCQ</subfield><subfield code="d">OCLCF</subfield></datafield><datafield ind1=" " ind2=" " tag="012"><subfield code="m">1</subfield></datafield><datafield ind1="0" ind2=" " tag="022"><subfield code="a">1541-3349</subfield><subfield code="l">1541-3349</subfield><subfield code="2">1</subfield></datafield><datafield ind1="1" ind2=" " tag="029"><subfield code="a">AU@</subfield><subfield code="b">000024021191</subfield></datafield><datafield ind1="1" ind2=" " tag="029"><subfield code="a">NZ1</subfield><subfield code="b">16069353</subfield></datafield><datafield ind1=" " ind2=" " tag="032"><subfield code="a">167560</subfield><subfield code="b">USPS</subfield></datafield><datafield ind1=" " ind2=" " tag="037"><subfield code="b">Daily News, 804 Washington St., Eden, NC 27288</subfield></datafield><datafield ind1=" " ind2=" " tag="042"><subfield code="a">nsdp</subfield><subfield code="a">pcc</subfield></datafield><datafield ind1=" " ind2=" " tag="043"><subfield code="a">n-us-nc</subfield></datafield><datafield ind1=" " ind2="4" tag="050"><subfield code="a">AN</subfield></datafield><datafield ind1="1" ind2="0" tag="082"><subfield code="a">070</subfield><subfield code="2">13</subfield></datafield><datafield ind1="0" ind2=" " tag="130"><subfield code="a">Eden daily news (2002)</subfield></datafield><datafield ind1="0" ind2=" " tag="210"><subfield code="a">Eden daily news</subfield><subfield code="b">(2002)</subfield></datafield><datafield ind1=" " ind2="0" tag="222"><subfield code="a">Eden daily news</subfield><subfield code="b">(2002)</subfield></datafield><datafield ind1="0" ind2="0" tag="245"><subfield code="a">Eden daily news.</subfield></datafield><datafield ind1=" " ind2=" " tag="260"><subfield code="a">Eden, NC :</subfield><subfield code="b">Daily News,</subfield></datafield><datafield ind1=" " ind2=" " tag="300"><subfield code="a">v.</subfield></datafield><datafield ind1=" " ind2=" " tag="310"><subfield code="a">Daily</subfield></datafield><datafield ind1="0" ind2=" " tag="362"><subfield code="a">July 17, 2002-</subfield></datafield><datafield ind1=" " ind2="0" tag="651"><subfield code="a">Eden (N.C.)</subfield><subfield code="v">Newspapers.</subfield></datafield><datafield ind1=" " ind2="7" tag="655"><subfield code="a">Newspapers.</subfield><subfield code="2">fast</subfield><subfield code="0">(OCoLC)fst01423814</subfield></datafield><datafield ind1=" " ind2="7" tag="651"><subfield code="a">North Carolina</subfield><subfield code="z">Eden.</subfield><subfield code="2">fast</subfield><subfield code="0">(OCoLC)fst01214680</subfield></datafield><datafield ind1=" " ind2=" " tag="752"><subfield code="a">United States</subfield><subfield code="b">North Carolina</subfield><subfield code="c">Rockingham</subfield><subfield code="d">Eden.</subfield></datafield><datafield ind1="0" ind2="8" tag="776"><subfield code="i">Online version:</subfield><subfield code="t">Eden daily news (2002)</subfield><subfield code="w">(OCoLC)264797424</subfield></datafield><datafield ind1="0" ind2="0" tag="780"><subfield code="t">Daily news (Eden, N.C.)</subfield><subfield code="x">1075-6698</subfield><subfield code="w">(DLC)sn 94002037</subfield><subfield code="w">(OCoLC)28317751</subfield></datafield></record>